@misc{arduino,
  title = {Mega2560 REV3 (ATmega2560-16AU) Compatible Arduino},
  howpublished = {\url{https://fr.aliexpress.com/item/Mega-2560-R3-Mega2560-REV3-ATmega2560-16AU-CH340G-Board-ON-USB-Cable-compatible-for-arduino-No/32386948507.html?isOrigTitle=true}},
  note = {Prix : 5.37€}
}

@misc{filsMM,
  title = {Lot de fils mâle/mâle},
  howpublished = {\url{https://fr.aliexpress.com/item/Dupont-line-120-pins-lot-10cm-male-to-male-jumper-wire-Dupont-line-Dupont-cable-jumper/32685453704.html}},
  note = {Prix : 0.99€}
}

@misc{joystick,
  title = {Joystick},
  howpublished = {\url{https://fr.aliexpress.com/item/1pc-Free-Shipping-Higher-Quality-Dual-axis-XY-Joystick-Module-PS2-Joystick-Control-Lever-Sensor-For/32630096107.html}},
  note = {Prix : 0.55€}
}

@misc{dualHBridge,
  title = {Dual H Bridge L298N},
  howpublished = {\url{https://fr.aliexpress.com/item/L298N-Dual-H-Bridge-Stepper-Motor-Driver-Board-For-Arduino/32392774289.html}},
  note = {Prix : 1.37€}
}

@misc{lampe,
  title = {Lampe DEL 5W 12V DC},
  howpublished = {\url{https://fr.aliexpress.com/item/MR11-led-spotlight-4W-5W-7W-5730-SMD-Spotlight-AC-DC-12V-LED-Spot-Bulb-Light/32425374145.html}},
  note = {Prix : $\approx$ 2€}
}

@misc{regulateurTension,
  title = {Régulateur de tension LM2596 DC 1.3--37V},
  howpublished = {\url{https://fr.aliexpress.com/item/LM2596-DC-DC-4-5-40V-adjustable-step-down-power-Supply-module-NEW-High-Quality-Free/32272430344.html}},
  note = {Prix : 0.54€}
}

@misc{pompe,
  title = {{Pompes à cale}},
  howpublished = {\url{http://fr.aliexpress.com/item/MKBP-G500-12-rule-500-gph-bilge-pump-12v/32247940972.html}},
  note = {Prix : $\approx$ 14€}
}






@misc{helice,
  title = {{Hélices}},
  howpublished = {\url{http://www.hobbyking.com/hobbyking/store/__61592__Turnigy_3_Blade_Boat_Prop_3P_x_45_x_17_1pc_.html}},
  note = {Prix : 2.54€}
}

@misc{driveDog,
  title = {{Drive dog}},
  howpublished = {\url{http://www.hobbyking.com/hobbyking/store/__12713__4mm_Drive_dog.html}},
  note = {Prix : 1.62€}
}

@misc{adaptateurAxe,
  title = {Adaptateur d'axe},
  howpublished = {\url{http://www.robotshop.com/eu/fr/coupleur-axe-vis-actobotics-14-4mm.html}},
  note = {Prix (sur ce site) : 5.62€}
}













